<?xml version="1.0" encoding="UTF-8"?><collection xmlns="http://www.loc.gov/MARC21/slim"><record><leader>00356nam--2200133-i-4500</leader><controlfield tag="001">000047846</controlfield><controlfield tag="002">20161230</controlfield><controlfield tag="005">20161230201046</controlfield><controlfield tag="008">060222s1000------------r-----000-0-eng-d</controlfield><datafield ind1=" " ind2=" " tag="080"><subfield code="a">533.5</subfield></datafield><datafield ind1=" " ind2=" " tag="100"><subfield code="a">Wutz, Max</subfield></datafield><datafield ind1=" " ind2=" " tag="245"><subfield code="a">Theorie und praxis der vakuumtechnik. mit 278 abbildungen</subfield></datafield><datafield ind1=" " ind2=" " tag="260"><subfield code="a">Braunschweig, Friedr.Vieweg &amp; Sohn, 1965, 439p</subfield></datafield><datafield ind1=" " ind2=" " tag="852"><subfield code="a">24473</subfield></datafield></record></collection>